<record><leader>00000cas a22000007a 4500</leader><controlfield tag="001">9274770</controlfield><controlfield tag="008">830303d18631866mauwr ne      0    0eng d</controlfield><controlfield tag="009">3768</controlfield><datafield ind1=" " ind2=" " tag="010"><subfield code="a">sn 83020151 </subfield></datafield><datafield ind1=" " ind2=" " tag="040"><subfield code="a">NPX</subfield><subfield code="b">eng</subfield><subfield code="c">NPX</subfield><subfield code="d">NPU</subfield><subfield code="d">MGN</subfield><subfield code="d">HUL</subfield></datafield><datafield ind1=" " ind2=" " tag="042"><subfield code="a">msc</subfield></datafield><datafield ind1=" " ind2=" " tag="043"><subfield code="a">n-us-ma</subfield></datafield><datafield ind1="0" ind2="0" tag="245"><subfield code="a">Roxbury city gazette and South End advertiser.</subfield></datafield><datafield ind1=" " ind2=" " tag="260"><subfield code="a">Roxbury [Boston], Mass. :</subfield><subfield code="b">William H. Hutchinson,</subfield></datafield><datafield ind1=" " ind2=" " tag="300"><subfield code="a">v. ;</subfield><subfield code="c">61 cm.</subfield></datafield><datafield ind1=" " ind2=" " tag="310"><subfield code="a">Weekly</subfield></datafield><datafield ind1="0" ind2=" " tag="362"><subfield code="a">Vol. 2, no. 43 (Feb. 19, 1863)-v. 5, no. 52 (Apr. 19, 1866).</subfield></datafield><datafield ind1=" " ind2=" " tag="500"><subfield code="a">Editor: Wm. H. Hutchinson.</subfield></datafield><datafield ind1=" " ind2=" " tag="530"><subfield code="a">Also available on microfilm from Spaulding Company, Inc. Graphic Microfilm Division, Stoughton, MA.</subfield></datafield><datafield ind1="1" ind2=" " tag="700"><subfield code="a">Hutchinson, William H.</subfield></datafield><datafield ind1=" " ind2=" " tag="752"><subfield code="a">United States</subfield><subfield code="b">Massachusetts</subfield><subfield code="c">Suffolk</subfield><subfield code="d">Boston.</subfield></datafield><datafield ind1=" " ind2=" " tag="752"><subfield code="a">United States</subfield><subfield code="b">Massachusetts</subfield><subfield code="c">Suffolk</subfield><subfield code="d">Roxbury.</subfield></datafield><datafield ind1="0" ind2="0" tag="780"><subfield code="t">Roxbury city gazette</subfield><subfield code="w">(DLC)sn 92057019</subfield></datafield><datafield ind1="0" ind2="0" tag="785"><subfield code="t">Roxbury gazette and South End advertiser</subfield><subfield code="w">(DLC)sn 85033748</subfield></datafield></record>